
@book{diacu_differential_2000,
	title = {Differential Equations: Order and Chaos: An Introduction to Differential Equations},
	isbn = {0716732963},
	shorttitle = {Differential Equations},
	publisher = {W. H. Freeman},
	author = {Diacu, Florin},
	month = oct,
	year = {2000}
},

@book{lasalle_lecture_1966,
	title = {Lecture notes on stability and control},
	language = {en},
	publisher = {Center for Dynamical Systems; Division of Applied Mathematics, Brown University},
	author = {{La Salle}, Joseph P.},
	year = {1966},
	keywords = {Control theory, Dynamic programming, Liapunov functions, Science / Mechanics / Dynamics / General, Stability, Technology \& Engineering / Robotics}
},

@book{aggarwal_notes_1972,
	title = {Notes on Nonlinear Systems},
	isbn = {0442202636},
	publisher = {Van Nostrand Reinhold},
	author = {Aggarwal, Jagdishkumar Keshoram},
	month = jan,
	year = {1972}
},

@book{MATLAB_2010,
year = {2010},
author = {MATLAB},
title = {version 7.10.0 (R2010a)},
publisher = {The MathWorks Inc.},
address = {Natick, Massachusetts}
},

@book{lynch_dynamical_2004,
	edition = {2004},
	title = {Dynamical Systems with Applications using {MATLAB}},
	isbn = {0817643214},
	publisher = {Birkhäuser},
	author = {Lynch, Stephen and Lynch, Stephen and Birkhauser},
	month = jun,
	year = {2004}
},

@book{gamma_design_1998,
	edition = {1},
	title = {Design Patterns {CD:} Elements of Reusable Object-Oriented Software},
	isbn = {0201634988},
	shorttitle = {Design Patterns {CD}},
	publisher = {Addison Wesley},
	author = {Gamma, Erich and Helm, Richard and Johnson, Ralph and Vlissides, John},
	month = may,
	year = {1998}
},

@book{larman_applying_2004,
	edition = {3},
	title = {Applying {UML} and Patterns: An Introduction to Object-Oriented Analysis and Design and Iterative Development},
	isbn = {0131489062},
	shorttitle = {Applying {UML} and Patterns},
	publisher = {Prentice Hall},
	author = {Larman, Craig},
	month = oct,
	year = {2004}
},

@book{perko_differential_2001,
	address = {New York},
	title = {Differential Equations and Dynamical Systems},
	isbn = {0387951164  9780387951164},
	language = {English},
	publisher = {Springer},
	author = {Perko, Lawrence},
	year = {2001},
	file = {book01.pdf:/home/nicolav0/.mozilla/firefox/ggnx5otc.default/zotero/storage/Q6UXKF2P/book01.pdf:application/pdf}
},

@article{childress_case_2005,
	title = {Case Sudy 2: Turing’s model of chemical morphogenesis},
	shorttitle = {Case Sudy 2},
	url = {http://citeseerx.ist.psu.edu/viewdoc/download?doi=10.1.1.142.6272&rep=rep1&type=pdf},
	urldate = {2013-04-22},
	author = {Childress, Stephen},
	year = {2005},
	file = {case2.pdf:/home/nicolav0/.mozilla/firefox/ggnx5otc.default/zotero/storage/E6QVXMX6/case2.pdf:application/pdf}
},

@article{garvie_methodology,
	title = {A {M}ethodology for {P}arameter {I}dentification in {T}uring {S}ystems},
	url = {http://www.mathematics.pitt.edu/documents/GaMaTr09.pdf},
	urldate = {2013-04-22},
	author = {{G}arvie, {M}arcus R. and {M}aini, {P}hilip K. and {T}renchea, {C}atalin},
	file = {GaMaTr09.pdf:/home/nicolav0/.mozilla/firefox/ggnx5otc.default/zotero/storage/FGEIQMGR/GaMaTr09.pdf:application/pdf}
},

@techreport{heineike_modeling_2002,
	title = {Modeling Morphogenesis with Reaction-Diffusion Equations using Galerkin Spectral Methods},
	url = {http://oai.dtic.mil/oai/oai?verb=getRecord&metadataPrefix=html&identifier=ADA403766},
	urldate = {2013-04-22},
	institution = {{DTIC} Document},
	author = {Heineike, Benjamin M.},
	year = {2002},
	file = {GetTRDoc.pdf:/home/nicolav0/.mozilla/firefox/ggnx5otc.default/zotero/storage/MN7A2XB4/GetTRDoc.pdf:application/pdf}
},

@article{kassam_solving_2003,
	title = {Solving reaction-diffusion equations 10 times faster},
	url = {http://eprints.maths.ox.ac.uk/1192},
	urldate = {2013-04-22},
	author = {Kassam, Aly-Khan},
	year = {2003},
	file = {NA-03-16.pdf:/home/nicolav0/.mozilla/firefox/ggnx5otc.default/zotero/storage/7RC2F9I5/NA-03-16.pdf:application/pdf}
},

@article{mcgough_pattern_2004,
	title = {Pattern formation in the {Gray–Scott} model},
	volume = {5},
	url = {http://www.sciencedirect.com/science/article/pii/S1468121803000208},
	number = {1},
	urldate = {2013-04-22},
	author = {{McGough}, Jeff S. and Riley, Kyle},
	year = {2004},
	pages = {105–121},
	file = {rdb.pdf:/home/nicolav0/.mozilla/firefox/ggnx5otc.default/zotero/storage/H5738VSU/rdb.pdf:application/pdf}
},

@article{turing_chemical_1990,
	title = {The chemical basis of morphogenesis},
	journal={Philosophical Transactions of the Royal Society of London. Series B, Biological Sciences},
	number = {1},
	volume={237},
	author = {Turing, A. M.},
	year = {1952}
}

@misc{website:jennings,
      author = "Jennings, Christopher G.",
      title = "Turing's Reaction-Diffusion Model of Morphogenesis",
      month = "January",
      year = "2011",
      url = "http://cgjennings.ca/toybox/turingmorph/index.html"
}

@book{nelson_principles_2007,
	title = {Principles of Agricultural Botany},
	isbn = {9781406746624},
	language = {en},
	publisher = {Lightning Source Incorporated},
	author = {Nelson, Alexander},
	month = mar,
	year = {2007},
	keywords = {Science / General}
}

@misc{gnuplot,
      author = "Williams, Thomas and Kelley, Colin",
      title = "Gnuplot",
      url = "http://www.gnuplot.info/"
}


@book{tanenbaum_modern_2007,
	edition = {3},
	title = {Modern Operating Systems},
	isbn = {0138134596},
	publisher = {Pearson},
	author = {Tanenbaum, Andrew S.},
	month = dec,
	year = {2007}
},

@book{mathematica,
year = {2011},
author = {Mathematica},
title = {version 8.0.4},
publisher = {Wolfram}
},

@book{javadoc,
author = {javadoc},
title = {version 5.0},
publisher = {Oracle}
},

@article{koch_implicit_2000,
	title = {The implicit Euler method for the numerical solution of singular initial value problems},
	volume = {34},
	url = {http://www.othmar-koch.org/papers/papers/ieuler.pdf},
	number = {2-3},
	urldate = {2013-04-27},
	journal = {Applied numerical mathematics},
	author = {Koch, Othmar and Kofler, Peter and Weinmüller, Ewa B.},
	year = {2000},
	pages = {231–252},
	file = {ieuler.pdf:/home/nicolav0/.mozilla/firefox/ggnx5otc.default/zotero/storage/XP7XKVTI/ieuler.pdf:application/pdf}
}
